<record><leader>00000cas a22000007a 4500</leader><controlfield tag="001">15182410</controlfield><controlfield tag="008">870211d18991909inuwr ne      0    0eng d</controlfield><datafield ind1=" " ind2=" " tag="010"><subfield code="a">sn 87055182 </subfield></datafield><datafield ind1=" " ind2=" " tag="040"><subfield code="a">NPI</subfield><subfield code="b">eng</subfield><subfield code="c">NPI</subfield><subfield code="d">OCLCQ</subfield></datafield><datafield ind1=" " ind2=" " tag="042"><subfield code="a">msc</subfield></datafield><datafield ind1="0" ind2=" " tag="130"><subfield code="a">Advance hustler (Advance, Ind. : 1899)</subfield></datafield><datafield ind1="1" ind2="4" tag="245"><subfield code="a">The Advance hustler.</subfield></datafield><datafield ind1=" " ind2=" " tag="260"><subfield code="a">Advance, Ind. :</subfield><subfield code="b">Ora McDaniel,</subfield><subfield code="c">1899-1909.</subfield></datafield><datafield ind1=" " ind2=" " tag="310"><subfield code="a">Weekly</subfield></datafield><datafield ind1="0" ind2=" " tag="362"><subfield code="a">Vol. 1, no. 1 (Nov. 1, 1899)-v. 10, no. 17 (Mar. 26, 1909).</subfield></datafield><datafield ind1=" " ind2=" " tag="752"><subfield code="a">United States</subfield><subfield code="b">Indiana</subfield><subfield code="c">Boone</subfield><subfield code="d">Advance.</subfield></datafield><datafield ind1="0" ind2="0" tag="785"><subfield code="t">Friday caller (Advance, Ind.)</subfield><subfield code="w">(DLC)sn 87055183</subfield></datafield></record>